@inproceedings{build_systems_a_la_carte
    ,title          = {Build systems \`a la carte}
    ,author         = {Andrey Mokhov and Neil Mitchell and Simon Peyton Jones}
    ,year           = {2018}
    ,month          = {September}
    ,day            = {24}
    ,journal        = {Proceedings ACM Programing Languages}
    ,volume         = {2}
    ,issn           = {2475-1421}
    ,pages          = {79:1--79:29}
    ,articleno      = {79}
    ,doi            = {http://doi.acm.org/10.1145/3236774}
    ,url            = {\verb'https://github.com/snowleopard/build/releases/download/icfp-final/build-systems.pdf'}
}

@unpublished{gyp,
    author = {Google},
    title = {Generate Your Projects},
    year = {2009},
    note = {\url{https://gyp.gsrc.io/}}
}

@unpublished{fabricate,
    title = {{Fabricate: The better build tool}},
    author = {Berwyn Hoyt and Bryan Hoyt and Ben Hoyt},
    year = {2009},
    note = {\url{https://github.com/SimonAlfie/fabricate}}
}

@book{go,
    author = {Donovan, Alan and Kernighan, Brian},
    title = {The Go Programming Language},
    year = {2015},
    isbn = {0134190440},
    publisher = {Addison-Wesley Professional},
    edition = {1st}
}

@unpublished{variadic_functions,
    author = {Oleg Kiselyov},
    title = {Polyvariadic functions and keyword arguments: pattern-matching on the type of the context},
    year = {2015},
    note = {\url{http://okmij.org/ftp/Haskell/polyvariadic.html}}
}

@unpublished{buildxl,
    author = {Microsoft},
    title = {Build Accelerator},
    year = {2020},
    note = {\url{https://github.com/microsoft/BuildXL}}
}

@unpublished{fsatrace,
    title = "{FSATrace}: filesystem access tracer",
    author = {Jorge Acereda},
    year = {2019},
    note = {\url{https://github.com/jacereda/fsatrace}}
}

@unpublished{tracedfs,
    title = {{Traced FS}},
    author = {Jorge Acereda},
    year = {2016},
    note = {\url{https://github.com/jacereda/traced-fs}}
}

@unpublished{watchman,
    title = {{Watchman}},
    author = {Facebook},
    year = {2013},
    note = {\url{https://facebook.github.io/watchman/}}
}

@unpublished{bigbro,
    title = {{Bigbro}},
    author = {David Roundy},
    year = {2019},
    note = {\url{https://github.com/droundy/bigbro}}
}

@unpublished{fac,
    title = {{Fac build system}},
    author = {David Roundy},
    year = {2019},
    note = {\url{https://sites.science.oregonstate.edu/~roundyd/fac/}}
}

@unpublished{stroll,
    title = {{Stroll: an experimental build system}},
    author = {Andrey Mokhov},
    year = {2019},
    note = {\url{https://blogs.ncl.ac.uk/andreymokhov/stroll/}}
}

@unpublished{memoize,
    title = {Memoize},
    author = {Bill McCloskey},
    year = {2008},
    note = {\url{https://github.com/kgaughan/memoize.py}}
}

@article{lennart:unique_names,
    author = {Augustsson, Lennart and Rittri, Mikael and Synek, Dan},
    year = {1994},
    month = {01},
    pages = {117-123},
    title = {On generating unique names},
    volume = {4},
    journal = {JFP}
}

@article{make,
  title={Make - A program for maintaining computer programs},
  author={Feldman, Stuart},
  journal={Software: Practice and experience},
  volume={9},
  number={4},
  pages={255--265},
  year={1979},
  publisher={Wiley Online Library}
}

@inproceedings{shake,
  title={Shake before building: Replacing {Make} with {Haskell}},
  author={Mitchell, Neil},
  booktitle={ACM SIGPLAN Notices},
  volume={47},
  number={9},
  pages={55--66},
  year={2012},
  organization={ACM}
}

@unpublished{bazel,
    title = {Bazel},
    author = {Google},
    year = {2016},
    note = {\url{http://bazel.io/}}
}

@inproceedings{build_maintenance,
    author = {Shane McIntosh and Bram Adams and Thanh Nguyen and Yasutaka Kamei and Ahmed Hassan},
    title = {An empirical study of build maintenance effort},
    booktitle = {Proc. ICSE '11},
    year = {2011},
    pages = {141--150},
    publisher = {ACM Press}
}

@inproceedings{detecting_incorrect_build_rules,
    author = {Licker, N\'{a}ndor and Rice, Andrew},
    booktitle={2019 IEEE/ACM 41st International Conference on Software Engineering (ICSE)},
    title={Detecting incorrect build rules},
    year={2019},
    volume={},
    number={},
    pages={1234-1244},
    _doi={10.1109/ICSE.2019.00125},
    _ISSN={0270-5257},
    month={May},
}

@inproceedings{nix,
  title={Nix: A Safe and Policy-Free System for Software Deployment},
  author={Dolstra, Eelco and De Jonge, Merijn and Visser, Eelco and others},
  booktitle={LISA},
  volume={4},
  pages={79--92},
  year={2004}
}
@article{miller:recursive_make,
    author = "Peter Miller",
    year = "1998",
    title = "Recursive Make considered harmful",
    journal = "Journal of AUUG Inc",
    volume = "19",
    number = "1",
    pages = "14--25"
}

@article{bezemer2017empirical,
  title={An empirical study of unspecified dependencies in make-based build systems},
  author={Bezemer, Cor-Paul and McIntosh, Shane and Adams, Bram and German, Daniel and Hassan, Ahmed},
  journal={Empirical Software Engineering},
  volume={22},
  number={6},
  pages={3117--3148},
  year={2017},
  publisher={Springer}
}

@inproceedings{mtl,
    author = {Jones, Mark},
    title = "Functional programming with overloading and higher-order polymorphism",
    year = {1995},
    _isbn = {3540594515},
    _publisher = {Springer-Verlag},
    _address = {Berlin, Heidelberg},
    booktitle = {Advanced Functional Programming, First International Spring School on Advanced Functional Programming Techniques},
    pages = {97-136},
    numpages = {40}
}

@inproceedings{hadrian,
    author = {Mokhov, Andrey and Mitchell, Neil and Peyton Jones, Simon and Marlow, Simon},
    title = {{Non-recursive Make considered harmful: build systems at scale}},
    booktitle = {Proceedings of the 9th International Symposium on Haskell},
    series = {Haskell 2016},
    year = {2016},
    pages = {170--181},
    publisher = {ACM},
}

@inproceedings{template_haskell,
    author = {Sheard, Tim and Peyton Jones, Simon},
    title = {Template meta-programming for Haskell},
    booktitle = {Proceedings of the 2002 Haskell Workshop, Pittsburgh},
    year = {2002},
    month = {October},
    pages = {1--16},
}

@article{erdweg2015sound,
  title={A sound and optimal incremental build system with dynamic dependencies},
  author={Erdweg, Sebastian and Lichter, Moritz and Weiel, Manuel},
  journal={ACM SIGPLAN Notices},
  volume={50},
  number={10},
  pages={89--106},
  year={2015},
  publisher={ACM New York, NY, USA}
}

@inproceedings{welc2005safe,
  title={Safe futures for Java},
  author={Welc, Adam and Jagannathan, Suresh and Hosking, Antony},
  booktitle={Proceedings of the 20th annual ACM SIGPLAN conference on Object-oriented programming, systems, languages, and applications},
  pages={439--453},
  year={2005}
}

@article{steffan2000scalable,
  title={A scalable approach to thread-level speculation},
  author={Steffan, J Greggory and Colohan, Christopher B and Zhai, Antonia and Mowry, Todd C},
  journal={ACM SIGARCH Computer Architecture News},
  volume={28},
  number={2},
  pages={1--12},
  year={2000},
  publisher={ACM New York, NY, USA}
}

@article{swanson_cpu_speculation,
author = {Swanson, Steven and McDowell, Luke K. and Swift, Michael M. and Eggers, Susan J. and Levy, Henry M.},
title = {An Evaluation of Speculative Instruction Execution on Simultaneous Multithreaded Processors},
year = {2003},
issue_date = {August 2003},
publisher = {Association for Computing Machinery},
address = {New York, NY, USA},
volume = {21},
number = {3},
issn = {0734-2071},
url = {https://doi.org/10.1145/859716.859720},
doi = {10.1145/859716.859720},
journal = {ACM Trans. Comput. Syst.},
month = aug,
pages = {314â€“340},
numpages = {27},
keywords = {speculation, multiprocessors, simultaneous multithreading, Instruction-level parallelism, thread-level parallelism, multithreading}
}

@book{patterson_cpu_design,
author = {Patterson, David A. and Hennessy, John L.},
title = {Computer Organization and Design, Fifth Edition: The Hardware/Software Interface},
year = {2013},
isbn = {0124077269},
publisher = {Morgan Kaufmann Publishers Inc.},
address = {San Francisco, CA, USA},
edition = {5th}
}

@article{tomasulo,
  author={R. M. {Tomasulo}},
  journal={IBM Journal of Research and Development},
  title={An Efficient Algorithm for Exploiting Multiple Arithmetic Units},
  year={1967},
  volume={11},
  number={1},
  pages={25-33},
}
