@inproceedings{build_systems_a_la_carte
    ,title          = {Build Systems \`a la Carte}
    ,author         = {Andrey Mokhov and Neil Mitchell and Simon Peyton Jones}
    ,year           = {2018}
    ,month          = {September}
    ,day            = {24}
    ,journal        = {Proceedings ACM Programing Languages}
    ,volume         = {2}
    ,issn           = {2475-1421}
    ,pages          = {79:1--79:29}
    ,articleno      = {79}
    ,doi            = {http://doi.acm.org/10.1145/3236774}
    ,url            = {\verb'https://github.com/snowleopard/build/releases/download/icfp-final/build-systems.pdf'}
}
